@ARTICLE{Jain96,
    author = {Anil K. Jain and Jianchang Mao and K. Mohiuddin},
    title = {Artificial Neural Networks: A Tutorial},
    journal = {IEEE Computer},
    year = {1996},
    volume = {29},
    pages = {31--44}
}


@ARTICLE{Whitley93agenetic,
    author = {Darrell Whitley},
    title = {A Genetic Algorithm Tutorial},
    journal = {Statistics and Computing},
    year = {1993},
    volume = {4},
    pages = {65--85}
}